<record><leader>00000cas a2200000 a 4500</leader><controlfield tag="001">222273065</controlfield><controlfield tag="007">hd ||||||||||</controlfield><controlfield tag="008">080411d19661984nvuuu nea     |    0eng c</controlfield><datafield ind1=" " ind2=" " tag="010"><subfield code="a">  2008233443</subfield></datafield><datafield ind1=" " ind2=" " tag="040"><subfield code="a">GUA</subfield><subfield code="b">eng</subfield><subfield code="c">GUA</subfield><subfield code="d">GUA</subfield><subfield code="d">OCLCQ</subfield><subfield code="d">OCLCF</subfield><subfield code="d">OCLCO</subfield></datafield><datafield ind1=" " ind2=" " tag="042"><subfield code="a">pcc</subfield></datafield><datafield ind1=" " ind2=" " tag="090"><subfield code="a">AN58</subfield><subfield code="b">.C655</subfield></datafield><datafield ind1="0" ind2="0" tag="245"><subfield code="a">Many smokes</subfield><subfield code="h">[microform] :</subfield><subfield code="b">Native American magazine.</subfield></datafield><datafield ind1=" " ind2=" " tag="260"><subfield code="a">Reno, Nev. :</subfield><subfield code="b">Sun Bear,</subfield><subfield code="c">1966-1984.</subfield></datafield><datafield ind1=" " ind2=" " tag="300"><subfield code="a">18 v. :</subfield><subfield code="b">ill. ;</subfield><subfield code="c">28 cm.</subfield></datafield><datafield ind1=" " ind2=" " tag="310"><subfield code="a">3 no. a year,</subfield><subfield code="b">1982-summer 1984</subfield></datafield><datafield ind1=" " ind2=" " tag="321"><subfield code="a">Quarterly,</subfield><subfield code="b">1966-1977</subfield></datafield><datafield ind1=" " ind2=" " tag="321"><subfield code="a">3 no. a year,</subfield><subfield code="b">1978</subfield></datafield><datafield ind1=" " ind2=" " tag="321"><subfield code="a">2 no. a year,</subfield><subfield code="b">1979-1981</subfield></datafield><datafield ind1="0" ind2=" " tag="362"><subfield code="a">-v. 18, no. 2 (summer 1984).</subfield></datafield><datafield ind1="1" ind2=" " tag="362"><subfield code="a">Began in 1966.</subfield></datafield><datafield ind1=" " ind2=" " tag="500"><subfield code="a">Issues for spring 1974-1975 published in Klamath Falls, Or.; for 1976-summer 1984 in Spokane, Wash.</subfield></datafield><datafield ind1=" " ind2=" " tag="500"><subfield code="a">Publisher varies: Many Smokes Pub. Co., spring 1974-1975; Bear Tribe, winter 1976; Medicine Chief of the Bear Tribe Medicine Society, 1976-summer 1984.</subfield></datafield><datafield ind1=" " ind2=" " tag="515"><subfield code="a">Suspended publication during 1971.</subfield></datafield><datafield ind1=" " ind2=" " tag="588"><subfield code="a">Description based on: Vol. 1, no. 2 (spring 1966).</subfield></datafield><datafield ind1=" " ind2=" " tag="533"><subfield code="a">Microfilm.</subfield><subfield code="b">Wooster, Ohio :</subfield><subfield code="c">Micro Photo Division.</subfield><subfield code="e">1 microfilm reel ; 35 mm.</subfield><subfield code="m">1966-1973.</subfield><subfield code="f">(Contemporary newspapers of the North American Indian ; reel 6).</subfield></datafield><datafield ind1=" " ind2=" " tag="539"><subfield code="a">u</subfield><subfield code="b">1966</subfield><subfield code="c">uuuu</subfield><subfield code="d">ohu</subfield><subfield code="e">u</subfield><subfield code="f">u</subfield><subfield code="g">a</subfield></datafield><datafield ind1=" " ind2="0" tag="650"><subfield code="a">Indians of North America</subfield><subfield code="v">Periodicals.</subfield></datafield><datafield ind1=" " ind2="0" tag="650"><subfield code="a">Indians of North America</subfield><subfield code="x">Religion</subfield><subfield code="v">Periodicals.</subfield></datafield><datafield ind1=" " ind2="0" tag="650"><subfield code="a">Indian mythology</subfield><subfield code="v">Periodicals.</subfield></datafield><datafield ind1=" " ind2="0" tag="650"><subfield code="a">Indian literature</subfield><subfield code="v">Periodicals.</subfield></datafield><datafield ind1=" " ind2="7" tag="655"><subfield code="a">Periodicals.</subfield><subfield code="2">fast</subfield><subfield code="0">(OCoLC)fst01411641</subfield></datafield><datafield ind1=" " ind2="7" tag="650"><subfield code="a">Indian literature.</subfield><subfield code="2">fast</subfield><subfield code="0">(OCoLC)fst00969135</subfield></datafield><datafield ind1=" " ind2="7" tag="650"><subfield code="a">Indian mythology.</subfield><subfield code="2">fast</subfield><subfield code="0">(OCoLC)fst00969152</subfield></datafield><datafield ind1=" " ind2="7" tag="650"><subfield code="a">Indians of North America.</subfield><subfield code="2">fast</subfield><subfield code="0">(OCoLC)fst00969633</subfield></datafield><datafield ind1=" " ind2="7" tag="650"><subfield code="a">Indians of North America</subfield><subfield code="x">Religion.</subfield><subfield code="2">fast</subfield><subfield code="0">(OCoLC)fst00969889</subfield></datafield><datafield ind1="2" ind2=" " tag="710"><subfield code="a">Bear Tribe Medicine Society.</subfield><subfield code="b">Medicine Chief.</subfield></datafield><datafield ind1="1" ind2=" " tag="776"><subfield code="t">Many smokes</subfield><subfield code="w">(OCoLC)175028003</subfield></datafield><datafield ind1="0" ind2="0" tag="785"><subfield code="t">Wildfire</subfield></datafield><datafield ind1=" " ind2="0" tag="830"><subfield code="a">Contemporary newspapers of the North American Indian ;</subfield><subfield code="v">reel 6.</subfield></datafield></record>